<?xml version="1.0" encoding="UTF-8"?>
<OAI-PMH xmlns="http://www.openarchives.org/OAI/2.0/" xmlns:xsi="http://www.w3.org/2001/XMLSchema-instance" xsi:schemaLocation="http://www.openarchives.org/OAI/2.0/ http://www.openarchives.org/OAI/2.0/OAI-PMH.xsd">
  <ListRecords>
    <record>
      <header>
        <identifier>aleph-publish:018127576</identifier>
      </header>
      <metadata>
        <record xmlns="http://www.ddb.de/professionell/mabxml/mabxml-1.xsd">
          <leader>00259vM2.01200024------u</leader>
          <controlfield tag="LDR">00259vM2.01200024------u</controlfield>
          <controlfield tag="FMT">MU</controlfield>
          <datafield tag="001" ind1="-" ind2="1">
            <subfield code="a">HT016433929</subfield>
          </datafield>
          <datafield tag="001" ind1="-" ind2="2">
            <subfield code="a">HT006855611</subfield>
          </datafield>
          <datafield tag="002" ind1="a" ind2="1">
            <subfield code="a">20100712</subfield>
          </datafield>
          <datafield tag="002" ind1="a" ind2="2">
            <subfield code="a">19981116</subfield>
          </datafield>
          <datafield tag="003" ind1="-" ind2="2">
            <subfield code="a">20171221</subfield>
          </datafield>
          <datafield tag="010" ind1="-" ind2="1">
            <subfield code="a">HT006855611</subfield>
          </datafield>
          <datafield tag="025" ind1="o" ind2="1">
            <subfield code="a">1073456705</subfield>
          </datafield>
          <datafield tag="025" ind1="o" ind2="2">
            <subfield code="a">961364901</subfield>
          </datafield>
          <datafield tag="026" ind1="-" ind2="1">
            <subfield code="a">HBZHT016433929</subfield>
          </datafield>
          <datafield tag="026" ind1="-" ind2="2">
            <subfield code="a">HBZHT006855611</subfield>
          </datafield>
          <controlfield tag="030">a|1uc||||||||</controlfield>
          <datafield tag="036" ind1="a" ind2="2">
            <subfield code="a">DE</subfield>
          </datafield>
          <datafield tag="037" ind1="b" ind2="2">
            <subfield code="a">ger</subfield>
          </datafield>
          <controlfield tag="050">a|||||||||||||</controlfield>
          <datafield tag="064" ind1="a" ind2="2">
            <subfield code="a">Einführung</subfield>
            <subfield code="9">(DE-588)4151278-9</subfield>
          </datafield>
          <datafield tag="070" ind1="-" ind2="1">
            <subfield code="a">290</subfield>
          </datafield>
          <datafield tag="070" ind1="-" ind2="2">
            <subfield code="a">6</subfield>
          </datafield>
          <datafield tag="070" ind1="b" ind2="2">
            <subfield code="a">290</subfield>
          </datafield>
          <datafield tag="080" ind1="-" ind2="1">
            <subfield code="a">60</subfield>
          </datafield>
          <datafield tag="080" ind1="-" ind2="2">
            <subfield code="a">60</subfield>
          </datafield>
          <controlfield tag="089">1</controlfield>
          <datafield tag="090" ind1="-" ind2="1">
            <subfield code="a">1</subfield>
          </datafield>
          <datafield tag="100" ind1="-" ind2="2">
            <subfield code="p">Furlan, Peter</subfield>
            <subfield code="d">1953-</subfield>
            <subfield code="9">(DE-588)1049517296</subfield>
          </datafield>
          <datafield tag="101" ind1="-" ind2="2">
            <subfield code="p">Borowski, Peter</subfield>
            <subfield code="d">1953-</subfield>
          </datafield>
          <datafield tag="331" ind1="-" ind2="1">
            <subfield code="a">Lineare Algebra, Differentialrechnung</subfield>
          </datafield>
          <datafield tag="331" ind1="-" ind2="2">
            <subfield code="a">&lt;&lt;Das&gt;&gt; gelbe Rechenbuch</subfield>
          </datafield>
          <datafield tag="335" ind1="-" ind2="2">
            <subfield code="a">für Ingenieure, Naturwissenschaftler und Mathematiker ; Rechenverfahren der höheren Mathematik in Einzelschritten erklärt ; mit vielen ausführlich gerechneten Beispielen</subfield>
          </datafield>
          <datafield tag="359" ind1="-" ind2="2">
            <subfield code="a">Peter Furlan</subfield>
          </datafield>
          <datafield tag="403" ind1="-" ind2="1">
            <subfield code="a">[Nachdr.]</subfield>
          </datafield>
          <datafield tag="410" ind1="-" ind2="2">
            <subfield code="a">Dortmund</subfield>
          </datafield>
          <datafield tag="412" ind1="-" ind2="2">
            <subfield code="a">Furlan</subfield>
          </datafield>
          <datafield tag="425" ind1="-" ind2="1">
            <subfield code="a">[20]10</subfield>
          </datafield>
          <datafield tag="425" ind1="b" ind2="2">
            <subfield code="a">1995</subfield>
          </datafield>
          <datafield tag="425" ind1="a" ind2="1">
            <subfield code="a">2010</subfield>
          </datafield>
          <datafield tag="433" ind1="-" ind2="1">
            <subfield code="a">4, 242 S. : graph. Darst.</subfield>
          </datafield>
          <datafield tag="523" ind1="-" ind2="2">
            <subfield code="p">Erschienen</subfield>
            <subfield code="a">Bd. 1 - 3</subfield>
          </datafield>
          <datafield tag="540" ind1="a" ind2="1">
            <subfield code="a">978-3-931645-00-7</subfield>
          </datafield>
          <datafield tag="540" ind1="a" ind2="1">
            <subfield code="a">3-931645-00-2</subfield>
            <subfield code="b">kart. : EUR 14.90</subfield>
          </datafield>
          <datafield tag="700" ind1="g" ind2="1">
            <subfield code="a">SK 220</subfield>
          </datafield>
          <datafield tag="700" ind1="g" ind2="1">
            <subfield code="a">SK 400</subfield>
          </datafield>
          <datafield tag="700" ind1="g" ind2="1">
            <subfield code="a">SK 110</subfield>
          </datafield>
          <datafield tag="700" ind1="g" ind2="2">
            <subfield code="a">SK 110</subfield>
          </datafield>
          <datafield tag="700" ind1="g" ind2="2">
            <subfield code="a">SK 950</subfield>
          </datafield>
          <datafield tag="700" ind1="g" ind2="2">
            <subfield code="a">QH 150</subfield>
          </datafield>
          <datafield tag="700" ind1="g" ind2="2">
            <subfield code="a">SK 400</subfield>
          </datafield>
          <datafield tag="700" ind1="g" ind2="2">
            <subfield code="a">SK 220</subfield>
          </datafield>
          <datafield tag="902" ind1="-" ind2="2">
            <subfield code="s">Naturwissenschaften</subfield>
            <subfield code="9">(DE-588)4041421-8</subfield>
          </datafield>
          <datafield tag="902" ind1="-" ind2="2">
            <subfield code="s">Mathematische Methode</subfield>
            <subfield code="9">(DE-588)4155620-3</subfield>
          </datafield>
          <datafield tag="907" ind1="-" ind2="2">
            <subfield code="s">Ingenieurwissenschaften</subfield>
            <subfield code="9">(DE-588)4137304-2</subfield>
          </datafield>
          <datafield tag="907" ind1="-" ind2="2">
            <subfield code="s">Mathematische Methode</subfield>
            <subfield code="9">(DE-588)4155620-3</subfield>
          </datafield>
          <controlfield tag="SYS">018127576</controlfield>
          <datafield tag="LOW" ind1="-" ind2="1">
            <subfield code="a">B4005</subfield>
          </datafield>
          <datafield tag="952" ind1="-" ind2="2">
            <subfield code="s">Naturforschung</subfield>
          </datafield>
          <datafield tag="952" ind1="-" ind2="2">
            <subfield code="s">Naturlehre</subfield>
          </datafield>
          <datafield tag="952" ind1="-" ind2="2">
            <subfield code="s">Naturwissenschaft</subfield>
          </datafield>
          <datafield tag="957" ind1="-" ind2="2">
            <subfield code="s">Technikwissenschaften</subfield>
          </datafield>
          <datafield tag="957" ind1="-" ind2="2">
            <subfield code="s">Technische Wissenschaften</subfield>
          </datafield>
          <datafield tag="957" ind1="-" ind2="2">
            <subfield code="s">Ingenieurwissenschaft</subfield>
          </datafield>
          <datafield tag="957" ind1="-" ind2="2">
            <subfield code="s">Ingenieurwesen</subfield>
          </datafield>
          <datafield tag="957" ind1="-" ind2="2">
            <subfield code="s">Engineering</subfield>
          </datafield>
          <datafield tag="088" ind1=" " ind2=" ">
            <subfield code="a">294/16</subfield>
            <subfield code="b">00016000</subfield>
            <subfield code="c">L FUR -p</subfield>
            <subfield code="e">keine ILL</subfield>
          </datafield>
          <datafield tag="088" ind1=" " ind2=" ">
            <subfield code="a">294/16</subfield>
            <subfield code="b">00016000</subfield>
            <subfield code="c">L FUR</subfield>
            <subfield code="e">keine ILL</subfield>
          </datafield>
          <datafield tag="088" ind1=" " ind2=" ">
            <subfield code="a">294/16</subfield>
            <subfield code="b">00016000</subfield>
            <subfield code="c">L FUR</subfield>
            <subfield code="e">keine ILL</subfield>
          </datafield>
          <datafield tag="088" ind1=" " ind2=" ">
            <subfield code="a">294/16</subfield>
            <subfield code="b">00016000</subfield>
            <subfield code="c">LL FUR</subfield>
            <subfield code="e">keine ILL</subfield>
          </datafield>
          <datafield tag="088" ind1=" " ind2=" ">
            <subfield code="a">294/16</subfield>
            <subfield code="b">00016000</subfield>
            <subfield code="c">LL FUR</subfield>
            <subfield code="e">keine ILL</subfield>
          </datafield>
          <datafield tag="088" ind1=" " ind2=" ">
            <subfield code="a">294/16</subfield>
            <subfield code="b">00016000</subfield>
            <subfield code="c">LL FUR</subfield>
            <subfield code="e">keine ILL</subfield>
          </datafield>
          <datafield tag="088" ind1=" " ind2=" ">
            <subfield code="a">294/16</subfield>
            <subfield code="b">00016000</subfield>
            <subfield code="c">LL FUR</subfield>
            <subfield code="e">keine ILL</subfield>
          </datafield>
          <datafield tag="088" ind1=" " ind2=" ">
            <subfield code="a">294/16</subfield>
            <subfield code="b">00016000</subfield>
            <subfield code="c">LL FUR</subfield>
            <subfield code="e">keine ILL</subfield>
          </datafield>
          <datafield tag="088" ind1=" " ind2=" ">
            <subfield code="a">294/16</subfield>
            <subfield code="b">00016000</subfield>
            <subfield code="c">LL FUR</subfield>
            <subfield code="e">keine ILL</subfield>
          </datafield>
          <datafield tag="088" ind1=" " ind2=" ">
            <subfield code="a">294/16</subfield>
            <subfield code="b">00016000</subfield>
            <subfield code="c">LL FUR</subfield>
            <subfield code="e">keine ILL</subfield>
          </datafield>
          <datafield tag="088" ind1=" " ind2=" ">
            <subfield code="a">294/16</subfield>
            <subfield code="b">00016000</subfield>
            <subfield code="c">LL FUR</subfield>
            <subfield code="e">keine ILL</subfield>
          </datafield>
          <datafield tag="088" ind1=" " ind2=" ">
            <subfield code="a">294/16</subfield>
            <subfield code="b">00016000</subfield>
            <subfield code="c">LL FUR</subfield>
            <subfield code="e">keine ILL</subfield>
          </datafield>
          <datafield tag="088" ind1=" " ind2=" ">
            <subfield code="a">294/16</subfield>
            <subfield code="b">00016000</subfield>
            <subfield code="c">LL FUR</subfield>
            <subfield code="e">keine ILL</subfield>
          </datafield>
          <datafield tag="088" ind1=" " ind2=" ">
            <subfield code="a">290</subfield>
            <subfield code="b">LB_ZB</subfield>
            <subfield code="c">L Ma 96-1/Nachdr 2010+9</subfield>
            <subfield code="e">ILL nur Kopie</subfield>
          </datafield>
          <datafield tag="088" ind1=" " ind2=" ">
            <subfield code="a">290</subfield>
            <subfield code="b">LB_ZB</subfield>
            <subfield code="c">L Ma 96-1/Nachdr 2010+8</subfield>
            <subfield code="e">keine ILL</subfield>
          </datafield>
          <datafield tag="088" ind1=" " ind2=" ">
            <subfield code="a">290</subfield>
            <subfield code="b">LB_ZB</subfield>
            <subfield code="c">L Ma 96-1/Nachdr 2010+4</subfield>
            <subfield code="e">keine ILL</subfield>
          </datafield>
          <datafield tag="088" ind1=" " ind2=" ">
            <subfield code="a">290</subfield>
            <subfield code="b">LB_ZB</subfield>
            <subfield code="c">L Ma 96-1/Nachdr 2010+7</subfield>
            <subfield code="e">keine ILL</subfield>
          </datafield>
          <datafield tag="088" ind1=" " ind2=" ">
            <subfield code="a">290</subfield>
            <subfield code="b">LB_ZB</subfield>
            <subfield code="c">L Ma 96-1/Nachdr 2010+3</subfield>
            <subfield code="e">ILL nur Kopie</subfield>
          </datafield>
          <datafield tag="088" ind1=" " ind2=" ">
            <subfield code="a">290</subfield>
            <subfield code="b">LB_ZB</subfield>
            <subfield code="c">L Ma 96-1/Nachdr 2010+6</subfield>
            <subfield code="e">keine ILL</subfield>
          </datafield>
          <datafield tag="088" ind1=" " ind2=" ">
            <subfield code="a">Bm 40</subfield>
            <subfield code="c">AE 130-1+4</subfield>
            <subfield code="e">keine Angabe</subfield>
          </datafield>
          <datafield tag="088" ind1=" " ind2=" ">
            <subfield code="a">Bm 40</subfield>
            <subfield code="c">AE 130-1+3</subfield>
            <subfield code="e">keine Angabe</subfield>
          </datafield>
          <datafield tag="088" ind1=" " ind2=" ">
            <subfield code="a">Bm 40</subfield>
            <subfield code="c">AE 130-1+2</subfield>
            <subfield code="e">keine Angabe</subfield>
          </datafield>
          <datafield tag="088" ind1=" " ind2=" ">
            <subfield code="a">Bm 40</subfield>
            <subfield code="c">AE 130-1 pr</subfield>
            <subfield code="e">keine Angabe</subfield>
          </datafield>
          <datafield tag="088" ind1=" " ind2=" ">
            <subfield code="a">Bm 40</subfield>
            <subfield code="c">AE 130-1+1</subfield>
            <subfield code="e">keine Angabe</subfield>
          </datafield>
          <datafield tag="088" ind1=" " ind2=" ">
            <subfield code="a">290</subfield>
            <subfield code="b">LB_ZB</subfield>
            <subfield code="c">L Ma 96-1/Nachdr 2010</subfield>
            <subfield code="e">ILL nur Kopie</subfield>
          </datafield>
          <datafield tag="088" ind1=" " ind2=" ">
            <subfield code="a">290</subfield>
            <subfield code="b">LB_ZB</subfield>
            <subfield code="c">L Ma 96-1/Nachdr 2010+5</subfield>
            <subfield code="e">ILL nur Kopie</subfield>
          </datafield>
        </record>
      </metadata>
    </record>
  </ListRecords>
</OAI-PMH>
